@article{DBLP:journals/corr/abs-2201-11903,
  author       = {Jason Wei and
                  Xuezhi Wang and
                  Dale Schuurmans and
                  Maarten Bosma and
                  Ed H. Chi and
                  Quoc Le and
                  Denny Zhou},
  title        = {Chain of Thought Prompting Elicits Reasoning in Large Language Models},
  journal      = {CoRR},
  volume       = {abs/2201.11903},
  year         = {2022},
  url          = {https://arxiv.org/abs/2201.11903},
  eprinttype    = {arXiv},
  eprint       = {2201.11903},
  timestamp    = {Fri, 22 Apr 2022 16:06:31 +0200},
  biburl       = {https://dblp.org/rec/journals/corr/abs-2201-11903.bib},
  bibsource    = {dblp computer science bibliography, https://dblp.org}
}

@misc{wang2023selfconsistencyimproveschainthought,
      title={Self-Consistency Improves Chain of Thought Reasoning in Language Models}, 
      author={Xuezhi Wang and Jason Wei and Dale Schuurmans and Quoc Le and Ed Chi and Sharan Narang and Aakanksha Chowdhery and Denny Zhou},
      year={2023},
      eprint={2203.11171},
      archivePrefix={arXiv},
      primaryClass={cs.CL},
      url={https://arxiv.org/abs/2203.11171}, 
}

@misc{zhou2023leasttomostpromptingenablescomplex,
      title={Least-to-Most Prompting Enables Complex Reasoning in Large Language Models}, 
      author={Denny Zhou and Nathanael Schärli and Le Hou and Jason Wei and Nathan Scales and Xuezhi Wang and Dale Schuurmans and Claire Cui and Olivier Bousquet and Quoc Le and Ed Chi},
      year={2023},
      eprint={2205.10625},
      archivePrefix={arXiv},
      primaryClass={cs.AI},
      url={https://arxiv.org/abs/2205.10625}, 
}

@misc{yao2023treethoughtsdeliberateproblem,
      title={Tree of Thoughts: Deliberate Problem Solving with Large Language Models}, 
      author={Shunyu Yao and Dian Yu and Jeffrey Zhao and Izhak Shafran and Thomas L. Griffiths and Yuan Cao and Karthik Narasimhan},
      year={2023},
      eprint={2305.10601},
      archivePrefix={arXiv},
      primaryClass={cs.CL},
      url={https://arxiv.org/abs/2305.10601}, 
}

@article{Besta_2024,
   title={Graph of Thoughts: Solving Elaborate Problems with Large Language Models},
   volume={38},
   ISSN={2159-5399},
   url={http://dx.doi.org/10.1609/aaai.v38i16.29720},
   DOI={10.1609/aaai.v38i16.29720},
   number={16},
   journal={Proceedings of the AAAI Conference on Artificial Intelligence},
   publisher={Association for the Advancement of Artificial Intelligence (AAAI)},
   author={Besta, Maciej and Blach, Nils and Kubicek, Ales and Gerstenberger, Robert and Podstawski, Michal and Gianinazzi, Lukas and Gajda, Joanna and Lehmann, Tomasz and Niewiadomski, Hubert and Nyczyk, Piotr and Hoefler, Torsten},
   year={2024},
   month=mar, pages={17682–17690} }


@misc{gao2023palprogramaidedlanguagemodels,
      title={PAL: Program-aided Language Models}, 
      author={Luyu Gao and Aman Madaan and Shuyan Zhou and Uri Alon and Pengfei Liu and Yiming Yang and Jamie Callan and Graham Neubig},
      year={2023},
      eprint={2211.10435},
      archivePrefix={arXiv},
      primaryClass={cs.CL},
      url={https://arxiv.org/abs/2211.10435}, 
}

@misc{chen2023programthoughtspromptingdisentangling,
      title={Program of Thoughts Prompting: Disentangling Computation from Reasoning for Numerical Reasoning Tasks}, 
      author={Wenhu Chen and Xueguang Ma and Xinyi Wang and William W. Cohen},
      year={2023},
      eprint={2211.12588},
      archivePrefix={arXiv},
      primaryClass={cs.CL},
      url={https://arxiv.org/abs/2211.12588}, 
}

@misc{yao2023reactsynergizingreasoningacting,
      title={ReAct: Synergizing Reasoning and Acting in Language Models}, 
      author={Shunyu Yao and Jeffrey Zhao and Dian Yu and Nan Du and Izhak Shafran and Karthik Narasimhan and Yuan Cao},
      year={2023},
      eprint={2210.03629},
      archivePrefix={arXiv},
      primaryClass={cs.CL},
      url={https://arxiv.org/abs/2210.03629}, 
}

@misc{shinn2023reflexionlanguageagentsverbal,
      title={Reflexion: Language Agents with Verbal Reinforcement Learning}, 
      author={Noah Shinn and Federico Cassano and Edward Berman and Ashwin Gopinath and Karthik Narasimhan and Shunyu Yao},
      year={2023},
      eprint={2303.11366},
      archivePrefix={arXiv},
      primaryClass={cs.AI},
      url={https://arxiv.org/abs/2303.11366}, 
}

@misc{lightman2023letsverifystepstep,
      title={Let's Verify Step by Step}, 
      author={Hunter Lightman and Vineet Kosaraju and Yura Burda and Harri Edwards and Bowen Baker and Teddy Lee and Jan Leike and John Schulman and Ilya Sutskever and Karl Cobbe},
      year={2023},
      eprint={2305.20050},
      archivePrefix={arXiv},
      primaryClass={cs.LG},
      url={https://arxiv.org/abs/2305.20050}, 
}

@misc{kojima2023largelanguagemodelszeroshot,
      title={Large Language Models are Zero-Shot Reasoners}, 
      author={Takeshi Kojima and Shixiang Shane Gu and Machel Reid and Yutaka Matsuo and Yusuke Iwasawa},
      year={2023},
      eprint={2205.11916},
      archivePrefix={arXiv},
      primaryClass={cs.CL},
      url={https://arxiv.org/abs/2205.11916}, 
}

@misc{madaan2023selfrefineiterativerefinementselffeedback,
      title={Self-Refine: Iterative Refinement with Self-Feedback}, 
      author={Aman Madaan and Niket Tandon and Prakhar Gupta and Skyler Hallinan and Luyu Gao and Sarah Wiegreffe and Uri Alon and Nouha Dziri and Shrimai Prabhumoye and Yiming Yang and Shashank Gupta and Bodhisattwa Prasad Majumder and Katherine Hermann and Sean Welleck and Amir Yazdanbakhsh and Peter Clark},
      year={2023},
      eprint={2303.17651},
      archivePrefix={arXiv},
      primaryClass={cs.CL},
      url={https://arxiv.org/abs/2303.17651}, 
}

@misc{wu2023autogenenablingnextgenllm,
      title={AutoGen: Enabling Next-Gen LLM Applications via Multi-Agent Conversation}, 
      author={Qingyun Wu and Gagan Bansal and Jieyu Zhang and Yiran Wu and Beibin Li and Erkang Zhu and Li Jiang and Xiaoyun Zhang and Shaokun Zhang and Jiale Liu and Ahmed Hassan Awadallah and Ryen W White and Doug Burger and Chi Wang},
      year={2023},
      eprint={2308.08155},
      archivePrefix={arXiv},
      primaryClass={cs.AI},
      url={https://arxiv.org/abs/2308.08155}, 
}

@article{DBLP:journals/corr/abs-2005-14165,
  author       = {Tom B. Brown and
                  Benjamin Mann and
                  Nick Ryder and
                  Melanie Subbiah and
                  Jared Kaplan and
                  Prafulla Dhariwal and
                  Arvind Neelakantan and
                  Pranav Shyam and
                  Girish Sastry and
                  Amanda Askell and
                  Sandhini Agarwal and
                  Ariel Herbert{-}Voss and
                  Gretchen Krueger and
                  Tom Henighan and
                  Rewon Child and
                  Aditya Ramesh and
                  Daniel M. Ziegler and
                  Jeffrey Wu and
                  Clemens Winter and
                  Christopher Hesse and
                  Mark Chen and
                  Eric Sigler and
                  Mateusz Litwin and
                  Scott Gray and
                  Benjamin Chess and
                  Jack Clark and
                  Christopher Berner and
                  Sam McCandlish and
                  Alec Radford and
                  Ilya Sutskever and
                  Dario Amodei},
  title        = {Language Models are Few-Shot Learners},
  journal      = {CoRR},
  volume       = {abs/2005.14165},
  year         = {2020}
}

@misc{vanstein2025llamealargelanguagemodel,
      title={LLaMEA: A Large Language Model Evolutionary Algorithm for Automatically Generating Metaheuristics}, 
      author={Niki van Stein and Thomas Bäck},
      year={2025},
      eprint={2405.20132},
      archivePrefix={arXiv},
      primaryClass={cs.NE},
      url={https://arxiv.org/abs/2405.20132}, 
}


@article{funsearch,
	author = {Romera-Paredes, Bernardino and Barekatain, Mohammadamin and Novikov, Alexander and Balog, Matej and Kumar, M. Pawan and Dupont, Emilien and Ruiz, Francisco J. R. and Ellenberg, Jordan S. and Wang, Pengming and Fawzi, Omar and Kohli, Pushmeet and Fawzi, Alhussein},
	date = {2024/01/01},
	date-added = {2025-10-23 14:47:56 -0600},
	date-modified = {2025-10-23 14:47:56 -0600},
	doi = {10.1038/s41586-023-06924-6},
	id = {Romera-Paredes2024},
	isbn = {1476-4687},
	journal = {Nature},
	number = {7995},
	pages = {468--475},
	title = {Mathematical discoveries from program search with large language models},
	url = {https://doi.org/10.1038/s41586-023-06924-6},
	volume = {625},
	year = {2024},
	bdsk-url-1 = {https://doi.org/10.1038/s41586-023-06924-6}}

@misc{guo2025evopromptconnectingllmsevolutionary,
      title={EvoPrompt: Connecting LLMs with Evolutionary Algorithms Yields Powerful Prompt Optimizers}, 
      author={Qingyan Guo and Rui Wang and Junliang Guo and Bei Li and Kaitao Song and Xu Tan and Guoqing Liu and Jiang Bian and Yujiu Yang},
      year={2025},
      eprint={2309.08532},
      archivePrefix={arXiv},
      primaryClass={cs.CL},
      url={https://arxiv.org/abs/2309.08532}, 
}

@misc{zhao2021calibrateuseimprovingfewshot,
      title={Calibrate Before Use: Improving Few-Shot Performance of Language Models}, 
      author={Tony Z. Zhao and Eric Wallace and Shi Feng and Dan Klein and Sameer Singh},
      year={2021},
      eprint={2102.09690},
      archivePrefix={arXiv},
      primaryClass={cs.CL},
      url={https://arxiv.org/abs/2102.09690}, 
}